 @inproceedings{moseley2023emissary,
  address={Orlando FL USA},
  title={EMISSARY: Enhanced Miss Awareness Replacement Policy for L2 Instruction Caching},
  ISBN={9798400700958},
  url={https://dl.acm.org/doi/10.1145/3579371.3589097},
  DOI={10.1145/3579371.3589097},
  publisher={ACM},
  author={Nagendra, Nayana Prasad and Godala, Bhargav Reddy and Chaturvedi, Ishita and Patel, Atmn and Kanev, Svilen and Moseley, Tipp and Stark, Jared and Pokam, Gilles A. and Campanoni, Simone and August, David I.},
  year={2023},
  month=jun,
  pages={1–13},
  language={en}
}

@inproceedings{moseley2015warehouseprofiling,
  address={Portland Oregon},
  title={Profiling a warehouse-scale computer},
  ISBN={978-1-4503-3402-0},
  url={https://dl.acm.org/doi/10.1145/2749469.2750392},
  DOI={10.1145/2749469.2750392},
  booktitle={Proceedings of the 42nd Annual International Symposium on Computer Architecture},
  publisher={ACM},
  author={Kanev, Svilen and Darago, Juan Pablo and Hazelwood, Kim and Ranganathan, Parthasarathy and Moseley, Tipp and Wei, Gu-Yeon and Brooks, David},
  year={2015},
  month=jun,
  pages={158–169},
  language={en}
}

 @article{lattner2020mlir,
  title={MLIR: A Compiler Infrastructure for the End of Moore’s Law},
  url={http://arxiv.org/abs/2002.11054},
  DOI={10.48550/arXiv.2002.11054},
  note={arXiv:2002.11054 [cs]},
  number={arXiv:2002.11054},
  publisher={arXiv},
  author={Lattner, Chris and Amini, Mehdi and Bondhugula, Uday and Cohen, Albert and Davis, Andy and Pienaar, Jacques and Riddle, River and Shpeisman, Tatiana and Vasilache, Nicolas and Zinenko, Oleksandr},
  year={2020},
  month=feb
}

 @inproceedings{abel2022uica,
  address={New York, NY, USA},
  series={ICS ’22},
  title={uiCA: accurate throughput prediction of basic blocks on recent intel microarchitectures},
  ISBN={978-1-4503-9281-5},
  url={https://doi.org/10.1145/3524059.3532396},
  DOI={10.1145/3524059.3532396},
  booktitle={Proceedings of the 36th ACM International Conference on Supercomputing},
  publisher={Association for Computing Machinery},
  author={Abel, Andreas and Reineke, Jan},
  year={2022},
  month=jun,
  pages={1–14},
  collection={ICS ’22}
}

@article{fog2023architecture,
  title={The microarchitecture of Intel, AMD and VIA CPUs: An optimization guide for assembly programmers and compiler makers},
  url={https://www.agner.org/optimize/},
  author={Fog, Agner}
}

@misc{dibiagio2018mca,
  title={llvm-mca - LLVM Machine Code Analyzer — LLVM 19.0.0git documentation},
  url={https://llvm.org/docs/CommandGuide/llvm-mca.html},
  author={DiBagio, Andreas},
  year={2018}
}

 @inproceedings{abel2023facile,
  title={Facile: Fast, Accurate, and Interpretable Basic-Block Throughput Prediction},
  url={http://arxiv.org/abs/2310.13212},
  DOI={10.1109/IISWC59245.2023.00023},
  booktitle={2023 IEEE International Symposium on Workload Characterization (IISWC)},
  author={Abel, Andreas and Sharma, Shrey and Reineke, Jan},
  year={2023},
  month=oct,
  pages={87–99}
}

@inproceedings{laukemann2018osaca,
  title={Automated Instruction Stream Throughput Prediction for Intel and AMD Microarchitectures},
  DOI={10.1109/PMBS.2018.8641578},
  year={2018},
  month=nov,
  pages={121–131}
}

@article{mendis2019ithemal,
  title={Ithemal: Accurate, Portable and Fast Basic Block Throughput Estimation using Deep Neural Networks},
  url={http://arxiv.org/abs/1808.07412},
  DOI={10.48550/arXiv.1808.07412},
  note={arXiv:1808.07412 [cs, stat]},
  number={arXiv:1808.07412},
  publisher={arXiv},
  author={Mendis, Charith and Renda, Alex and Amarasinghe, Saman and Carbin, Michael},
  year={2019},
  month=may
}

@article{sykora2022granite,
  title={GRANITE: A Graph Neural Network Model for Basic Block Throughput Estimation},
  url={http://arxiv.org/abs/2210.03894},
  DOI={10.48550/arXiv.2210.03894},
  note={arXiv:2210.03894 [cs]},
  number={arXiv:2210.03894},
  publisher={arXiv},
  author={Sykora, Ondrej and Phothilimthana, Phitchaya Mangpo and Mendis, Charith and Yazdanbakhsh, Amir},
  year={2022},
  month=oct
}

@inproceedings{chen2019bhive,
  title={BHive: A Benchmark Suite and Measurement Framework for Validating x86-64 Basic Block Performance Models},
  DOI={10.1109/IISWC47752.2019.9042166},
  booktitle={2019 IEEE International Symposium on Workload Characterization (IISWC)},
  author={Chen, Yishen and Brahmakshatriya, Ajay and Mendis, Charith and Renda, Alex and Atkinson, Eric and Sýkora, Ondřej and Amarasinghe, Saman and Carbin, Michael},
  year={2019},
  month=nov,
  pages={167–177}
}

 @inproceedings{abel2019uopsinfo,
  title={uops.info: Characterizing Latency, Throughput, and Port Usage of Instructions on Intel Microarchitectures},
  url={http://arxiv.org/abs/1810.04610},
  DOI={10.1145/3297858.3304062}, 
  note={arXiv:1810.04610 [cs]},
  booktitle={Proceedings of the Twenty-Fourth International Conference on Architectural Support for Programming Languages and Operating Systems},
  author={Abel, Andreas and Reineke, Jan},
  year={2019},
  month=apr,
  pages={673–686}
}

@misc{courbet2018exegesis,
  title={llvm-exegesis - LLVM Machine Instruction Benchmark — LLVM 19.0.0git documentation},
  url={https://llvm.org/docs/CommandGuide/llvm-exegesis.html},
  author={Courbet, Clement and Chatelet, Guillaume and Sykora, Ondrej},
  year={2018}
}

@inproceedings{lattner2004llvm,
  address={San Jose, CA, USA},
  title={LLVM: A compilation framework for lifelong program analysis & transformation},
  ISBN={978-0-7695-2102-2},
  url={http://ieeexplore.ieee.org/document/1281665/},
  DOI={10.1109/CGO.2004.1281665},
  booktitle={International Symposium on Code Generation and Optimization, 2004. CGO 2004.},
  publisher={IEEE},
  author={Lattner, C. and Adve, V.},
  year={2004},
  pages={75–86},
  language={en}
}

 @inproceedings{abel2020nanobench,
  title={nanoBench: A Low-Overhead Tool for Running Microbenchmarks on x86 Systems},
  url={http://arxiv.org/abs/1911.03282},
  DOI={10.1109/ISPASS48437.2020.00014},
  note={arXiv:1911.03282 [cs]},
  booktitle={2020 IEEE International Symposium on Performance Analysis of Systems and Software (ISPASS)},
  author={Abel, Andreas and Reineke, Jan},
  year={2020},
  month=aug,
  pages={34–46}
}

@misc{falk2019sushiroll,
  title={Sushi Roll: A CPU research kernel with minimal noise for cycle-by-cycle micro-architectural introspection},
  url={https://gamozolabs.github.io/metrology/2019/08/19/sushi_roll.html},
  journal={Gamozo Labs Blog},
  author={Falk, Brandon},
  year={2019},
  month=aug,
  language={en}
}

@inproceedings{ying2009multicoreilp,
  address={Nice},
  title={An ILP formulation for task mapping and scheduling on multi-core architectures},
  ISBN={978-1-4244-3781-8}, url={http://ieeexplore.ieee.org/document/5090629/},
  DOI={10.1109/DATE.2009.5090629},
  publisher={IEEE},
  author={Ying Yi and Wei Han and Xin Zhao and Erdogan, A.T. and Arslan, T.},
  year={2009},
  month=apr,
  pages={33–38},
  language={en}
}

@inproceedings{doerfert2023oraql,
  address={Salt Lake City UT USA},
  title={ORAQL — Optimistic Responses to Alias Queries in LLVM},
  ISBN={9798400708435},
  url={https://dl.acm.org/doi/10.1145/3605573.3605644},
  DOI={10.1145/3605573.3605644}, 
  booktitle={Proceedings of the 52nd International Conference on Parallel Processing},
  publisher={ACM},
  author={Hueckelheim, Jan and Doerfert, Johannes},
  year={2023},
  month=aug,
  pages={655–664},
  language={en}
}

@article{lozano2019combinatorialregalloc,
  title={Combinatorial Register Allocation and Instruction Scheduling},
  volume={41},
  ISSN={0164-0925},
  DOI={10.1145/3332373}, 
  number={3},
  journal={ACM Transactions on Programming Languages and Systems},
  author={Lozano, Roberto Castañeda and Carlsson, Mats and Blindell, Gabriel Hjort and Schulte, Christian},
  year={2019},
  month=jul,
  pages={17:1-17:53}
}
